%% This BibTeX bibliography file was created using BibDesk.
%% http://bibdesk.sourceforge.net/


%% Created for Stan Kerstjens at 2015-05-12 10:40:57 +0200 


%% Saved with string encoding Unicode (UTF-8) 



@article{4082128,
	Abstract = {Although the problem of determining the minimum cost path through a graph arises naturally in a number of interesting applications, there has been no underlying theory to guide the development of efficient search procedures. Moreover, there is no adequate conceptual framework within which the various ad hoc search strategies proposed to date can be compared. This paper describes how heuristic information from the problem domain can be incorporated into a formal mathematical theory of graph searching and demonstrates an optimality property of a class of search strategies.},
	Author = {Hart, P.E. and Nilsson, N.J. and Raphael, B.},
	Date-Added = {2015-05-12 08:35:44 +0000},
	Date-Modified = {2015-05-12 08:35:44 +0000},
	Doi = {10.1109/TSSC.1968.300136},
	Issn = {0536-1567},
	Journal = {Systems Science and Cybernetics, IEEE Transactions on},
	Keywords = {Automatic control;Automatic programming;Chemical technology;Costs;Functional programming;Gradient methods;Instruction sets;Mathematical programming;Minimax techniques;Minimization methods},
	Month = {July},
	Number = {2},
	Pages = {100-107},
	Title = {A Formal Basis for the Heuristic Determination of Minimum Cost Paths},
	Volume = {4},
	Year = {1968},
	Bdsk-Url-1 = {http://dx.doi.org/10.1109/TSSC.1968.300136},
	Bdsk-File-1 = {YnBsaXN0MDDUAQIDBAUGJCVYJHZlcnNpb25YJG9iamVjdHNZJGFyY2hpdmVyVCR0b3ASAAGGoKgHCBMUFRYaIVUkbnVsbNMJCgsMDxJXTlMua2V5c1pOUy5vYmplY3RzViRjbGFzc6INDoACgAOiEBGABIAFgAdccmVsYXRpdmVQYXRoWWFsaWFzRGF0YV8QHy4uLy4uLy4uLy4uL0Rvd25sb2Fkcy9hc3Rhci5wZGbSFwsYGVdOUy5kYXRhTxEBcgAAAAABcgACAAAMTWFjaW50b3NoIEhEAAAAAAAAAAAAAAAAAAAA0XRIj0grAAAABsW1CWFzdGFyLnBkZgAAAAAAAAAAAAAAAAAAAAAAAAAAAAAAAAAAAAAAAAAAAAAAAAAAAAAAAAAAAAAAAAAAAAAAAAAUF8TRd4hxAAAAAAAAAAAABAACAAAJIAAAAAAAAAAAAAAAAAAAAAlEb3dubG9hZHMAABAACAAA0XQsbwAAABEACAAA0XdsUQAAAAEADAAGxbUABsWyAAKYCwACADRNYWNpbnRvc2ggSEQ6VXNlcnM6AHNrZXJzdGplbnM6AERvd25sb2FkczoAYXN0YXIucGRmAA4AFAAJAGEAcwB0AGEAcgAuAHAAZABmAA8AGgAMAE0AYQBjAGkAbgB0AG8AcwBoACAASABEABIAJFVzZXJzL3NrZXJzdGplbnMvRG93bmxvYWRzL2FzdGFyLnBkZgATAAEvAAAVAAIAEf//AACABtIbHB0eWiRjbGFzc25hbWVYJGNsYXNzZXNdTlNNdXRhYmxlRGF0YaMdHyBWTlNEYXRhWE5TT2JqZWN00hscIiNcTlNEaWN0aW9uYXJ5oiIgXxAPTlNLZXllZEFyY2hpdmVy0SYnVHJvb3SAAQAIABEAGgAjAC0AMgA3AEAARgBNAFUAYABnAGoAbABuAHEAcwB1AHcAhACOALAAtQC9AjMCNQI6AkUCTgJcAmACZwJwAnUCggKFApcCmgKfAAAAAAAAAgEAAAAAAAAAKAAAAAAAAAAAAAAAAAAAAqE=}}

@comment{BibDesk Static Groups{
<?xml version="1.0" encoding="UTF-8"?>
<!DOCTYPE plist PUBLIC "-//Apple//DTD PLIST 1.0//EN" "http://www.apple.com/DTDs/PropertyList-1.0.dtd">
<plist version="1.0">
<array>
	<dict>
		<key>group name</key>
		<string>dke_report22</string>
		<key>keys</key>
		<string>4082128</string>
	</dict>
</array>
</plist>
}}
